

@inmanual{ODEint,
	title = {SciPy ODEint, https://docs.scipy.org/doc/scipy-0.18.1/reference/generated/scipy.integrate.odeint.html},
	year = {2016},
}



@article{falck_X57,
  title={Trajectory Optimization of Electric Aircraft Subject to Subsystem Thermal Constraints},
  organization={AIAA}, 
  booktitle={57th AIAA/ASCE/AHS/ASC Structures, Structural Dynamics, and Materials Conference},
  date = {2016-06-08},
  author={Falck, R. and Chin, J and Schnulo, S and Burt, J. and Gray, J.},
  year={2016}
}


@incollection{Borer_2016,
annote = {doi:10.2514/6.2016-3920},
author = {Borer, Nicholas K and Patterson, Michael D and Viken, Jeffrey K and Moore, Mark D and Bevirt, JoeBen and Stoll, Alex M and Gibson, Andrew R},
booktitle = {16th AIAA Aviation Technology, Integration, and Operations Conference},
doi = {doi:10.2514/6.2016-3920},
month = {jun},
publisher = {American Institute of Aeronautics and Astronautics},
series = {AIAA Aviation},
title = {{Design and Performance of the NASA SCEPTOR Distributed Electric Propulsion Flight Demonstrator}},
url = {http://dx.doi.org/10.2514/6.2016-3920},
year = {2016}
}

@inarticle{Papathakis,
	author = {Papathakis, Kurt, Kloesel, Kurt, Lin, Yohan, Clarke, Sean, and Ginn, Starr},
    publisher = {American Institute of Aeronautics and Astronautics},
    series = {Propulsion Energy},
    title = {{Design and Development of a 200-kW Turbo-electric
Distributed Propulsion Testbed}},
    month = {June},
    year = {2016},
}

@incollection{Hongwen,
author = {He, Hongwen and Rui, Xiong and Jinxin, Fan},
booktitle = {Electric Vehicle Conference (IEVC)},
month = {March},
publisher = {Energies},
series = {4.4 582-598},
title = {{Evaluation of lithium-ion battery equivalent circuit models for state of charge estimation by an experimental approach}},
url = {ieeexplore.ieee.org/document/6183271/},
year = {2011}
}

@incollection{Huria,
author = {Huria, Tarun and Ceraolo, Massimo and Gazzarri, Javier and Jackey, Robyn},
booktitle = {Electric Vehicle Conference (IEVC)},
month = {March},
publisher = {IEEE International},
series = {pp 1-8},
title = {{High Fidelity Electrical Model with Thermal Dependence for Characterization and Simulation of High Power Lithium Battery Cells}},
url = {ieeexplore.ieee.org/document/6183271/},
year = {2012}
}


@incollection{Hu,
author = {Xiaosong, Hu and Shengbo, Li and Huei, Peng},
booktitle = {Journal of Power Sources},
publisher = {Journal of Power Sources},
series = {pp 359-367},
title = {{A comparative study of equivalent circuit models for Li-ion batteries}},
url = {https://ac.els-cdn.com/S0378775311019628/1-s2.0-S0378775311019628-main.pdf?_tid=bde3d742-bcc5-403f-9df2-d486682dfca3&acdnat=1535482064_0b0e358e5e332d1924cee565050b8406},
year = {2012}
}

@incollection{Fotouhi,
author = {Abbas, Fotouhi and Daniel J., Auger and Karsten, Propp and Stefano, Longo},
booktitle = {International Federation of Automatic Control},
publisher = {Elsevier},
series = {pp 48-53},
title = {{A Study on Battery Model Parameterisation Problem â€“ Application-Oriented Trade-offs between Accuracy and Simplicity}},
url = {https://ac.els-cdn.com/S2405896316313295/1-s2.0-S2405896316313295-main.pdf?_tid=682657d7-b3d0-4c39-97e7-2dae087a6d40&acdnat=1535482085_216c292556d81633ce542904d5312974},
year = {2016}
}


@incollection{Hu2,
author = {Y. Hu and S. Yurkovich and Y. Guezennec and B.J. Yurkovich},
booktitle = {Journal of Power Sources},
publisher = {Journal of Power Sources},
series = {pp 449-457},
title = {{Electro-thermal battery model identification for automotive applications}},
url = {https://ac.els-cdn.com/S0378775310010220/1-s2.0-S0378775310010220-main.pdf?_tid=0ef7c107-e9c9-4ec2-9994-24004df0a28a&acdnat=1535482063_56e2cf0a5f10d238e1ac16cd00e8ec75},
year = {2010}
}

@incollection{Ning,
author = {G. Ning and B. Haran and B. N. Popov},
booktitle = {Journal of Power Sources},
publisher = {Journal of Power Sources},
series = {pp 160-169},
title = {{Capacity fade study of lithium-ion batteries cycled at high discharge rates}},
url = {https://pdfs.semanticscholar.org/810a/ee30e307fd5b0ffe4768f3461f579aafeac6.pdf},
year = {2002}
}

